%% !Mode:: "TeX:UTF-8"
%






@STRING{TIT         = "IEEE Transactions on Information Theory "}
@STRING{TAC         = "IEEE Transactions on Automatic Control "}
@STRING{TSP         = "IEEE Transactions on Signal Processing"}
@STRING{TCT         = "IEEE Transactions on Circuit Theory"}
@STRING{TC         = "IEEE Transactions on Cybernetics"}
@STRING{TPDS        = "IEEE Transactions on Parallel and Distributed Systems"}
@STRING{TMSP         = "IEEE Signal Processing Magazine"}
@STRING{TPROC       = "Proceedings of the IEEE"}
@STRING{TCST        = "IEEE Transactions on Control Systems Technology"}
@STRING{TMCS         = "IEEE Control Systems Magazine"}
@STRING{IEEE_J_C          = "IEEE Transactions on Computers"}
@STRING{IEEE_J_JSAC       = "IEEE Journal on Selected Areas in Communications"}



@STRING{IJRNC         = " International Journal of Robust and Nonlinear Control "}
@STRING{IET         = " IET Control Theory $\&$ Applications "}
@STRING{IJC         = " International Journal of Control"}
@STRING{SCL         = " Systems $\&$ Control Letters "}
@STRING{SIAM         = "SIAM Journal on Control and Optimization"}
@STRING{ACMTSN         = "ACM Transactions on Sensor Networks"}
@STRING{SSM         = " Science in China Series A-Mathematics"}
@STRING{AHN         = " Ad Hoc Networks"}
@STRING{SOSR         = " ACM SIGOPS: Operating Systems Review "}
@STRING{IJCA         = " International Journal of Control and Automation "}
@STRING{Math_A         = "Annals of Mathematics"}
@STRING{IJSS         = "International Journal of Systems Science"}


@STRING{CDC50PECC         = "proceedings of 50st {IEEE Conference on Decision and Control and European Control Conference}"}
@STRING{PECC         = "proceedings of {European Control Conference}"}
@STRING{CDC51         = "proceedings of 51st {IEEE Conference on Decision and Control}"}
@STRING{CDC54         = "proceedings of 54st {IEEE Conference on Decision and Control}"}
@STRING{CDC49         = "proceedings of 49st {IEEE Conference on Decision and Control}"}
@STRING{ACC         = "proceedings of {American Control Conference}"}
@STRING{CCC         = "proceedings of  35th {ChineseControl Conference}"}
@STRING{PSS         = "proceedings of 4th {ACM} Conference on Embedded Networked Sensor Systems"}
@STRING{ASCC         = "proceedings of 11th {Asian Control Conference}"}

@article{cao2011formation,
  title={Formation control using range-only measurements},
  author={Cao, Ming and Yu, Changbin and Anderson, Brian DO},
  journal={Automatica},
  volume={47},
  number={4},
  pages={776--781},
  year={2011},
  publisher={Elsevier}
}
